%%%%%%%%%%%%%%%%%%%%%%%%%%%%%%%%%%%%%%%%%%%%%%%%%%%%%%%%%%%%%%%%%%%%%%
%                                                                    %
%     This latex template has been created by Janik Schumacher.      %
%                Just sayin. Feel free to use it ;)                  %
%                 https://twitter.com/theloaderb0t                   %
%                                                                    %
%%%%%%%%%%%%%%%%%%%%%%%%%%%%%%%%%%%%%%%%%%%%%%%%%%%%%%%%%%%%%%%%%%%%%%

@online{google:mobile-first,
      author      = {Google},
      title       = {Mobile-first indexing best practices},
      url         = {https://developers.google.com/search/mobile-sites/mobile-first-indexing},
      urldate     = {2020-08-12},
      date        = {2020-03-04},
}

@INPROCEEDINGS{idc:stuff,
      author      = {M. {DuiÄ‡} and B. {Konjevod} and L. {Grzunov}},
      booktitle   = {2017 40th International Convention on Information and Communication Technology, Electronics and Microelectronics (MIPRO)},
      title       = {Web sources of literature for teachers and researchers: Practices and attitudes of Croatian faculty toward legal digital libraries and shadow libraries such as Sci-Hub},
      year        = {2017},
      volume      = {},
      number      = {},
      pages       = {824-829}
}
